@article{recourse2016,
	author = {Nicole Megow and Martin Skutella and Jos√© Verschae and Andreas Wiese},
	title = {{The Power of Recourse for Online MST and TSP}},
	journal = {SIAM Journal on Computing},
	volume = {45},
	number = {3},
	pages = {859-880},
	year = {2016},
	doi = {10.1137/130917703},
	URL = {https://doi.org/10.1137/130917703},
	eprint = {https://doi.org/10.1137/130917703}
}